<?xml version="1.0" encoding="UTF-8"?>
<collection xmlns="http://www.loc.gov/MARC21/slim">
    <record>
        <leader>00000nz  a2200169   4500</leader>
        <controlfield tag="001">30079315</controlfield>
        <controlfield tag="003">RISM</controlfield>
        <controlfield tag="005">20160216</controlfield>
        <controlfield tag="008">160216n||az|||||||##########||||||||||||</controlfield>
        <datafield tag="040" ind1=" " ind2=" ">
            <subfield code="a">RI-Duufs</subfield>
        </datafield>
        <datafield tag="043" ind1=" " ind2=" ">
            <subfield code="c">ID</subfield>
        </datafield>
        <datafield tag="110" ind1="2" ind2=" ">
            <subfield code="a">Universitas Udayana, Fakultas Sastra</subfield>
            <subfield code="c">Denpasar</subfield>
            <subfield code="g">RI-Duufs</subfield>
        </datafield>
        <datafield tag="622" ind1=" " ind2=" ">
            <subfield code="e">Universitas Udayana, Fakultas Sastra, Jln. Nias No. 13 Sanglah, Denpasar 80114 Bali, Indonesia</subfield>
            <subfield code="u">http://www.fs.unud.ac.id/ind/</subfield>
        </datafield>
    </record>