
    <record>
        <leader>00000nz  a2200169   4500</leader>
        <controlfield tag="001">30079316</controlfield>
        <controlfield tag="003">RISM</controlfield>
        <controlfield tag="005">20160216</controlfield>
        <controlfield tag="008">160216n||az|||||||##########||||||||||||</controlfield>
        <datafield tag="040" ind1=" " ind2=" ">
            <subfield code="a">RI-Jpn</subfield>
        </datafield>
        <datafield tag="043" ind1=" " ind2=" ">
            <subfield code="c">ID</subfield>
        </datafield>
        <datafield tag="110" ind1="2" ind2=" ">
            <subfield code="a">Perpustakaan Nasional Republik Indonesia</subfield>
            <subfield code="c">Jakarta</subfield>
            <subfield code="g">RI-Jpn</subfield>
        </datafield>
        <datafield tag="410" ind1="2" ind2=" ">
            <subfield code="a">National Library of Indonesia</subfield>
        </datafield>
        <datafield tag="622" ind1=" " ind2=" ">
            <subfield code="e">Perpustakaan Nasional Republik Indonesia, Jl. Salemba Raya 28A, Jakarta Pusat 10430, Indonesia&#xD;&#xD;</subfield>
            <subfield code="u">http://www.pnri.go.id/</subfield>
        </datafield>
    </record>
</collection>

